@inbook{moduls_kernel_linux,
	author="Цилюрик О.И.",
	title="Модули Linux ядра: учебное
	пособие.",
	publisher="--- Казань: Казанский университет",
	pages="89 -- 98 ",
	language="russian",
	year=2011
}

@inbook{kernel_linux_robert,
	author="Роберт Лав",
	title="Ядро Linux: описание процесса разработки, 3-е изд",
	publisher="--- Москва: ООО <<И.Д. Вильямс>>",
	pages="496",
	language="russian",
	year=2013
}


@inbook{linux_network_implementation,
	author="Rami Rosen",
	title="Linux Kernel Networking Implementation and Theory.",
	publisher="--- Apress: ISBN.",
	pages="648",
	language="english",
	year=2014
}

@inbook{linux_network_internals,
	author="Christian Benvenuti",
	title="Understanding Linux Network Internals.",
	publisher="--- Sebastopol: O’Reilly Media, Inc.",
	pages="1064",
	language="english",
	year=2005
}

@inbook{tcpip_craig,
	author="Крэйг Хант",
	title="TCP/IP Сетевое администрирование 3-е издание.",
	publisher="--- Санкт-Петербург--Москва: Издательство <<Симво>>, Серия <<Бест-селлеры O`Relly>>",
	pages="18 -- 42",
	language="russian",
	year=2008
}

@inbook{tcpip_lora,
	author="Лора А. Чеппел, Эд Титтел",
	title="TCP/IP: учебное пособие.",
	publisher="--- Cанкт-Петербург: Издательство <<БXВ-Петербург>>",
	pages="11 -- 77",
	language="russian",
	year=2003
}

@inbook{bpf_for_monitoring,
	author="Калавера Дэвид, Фонтана Лоренцо",
	title="BPF для мониторинга Linux.",
	publisher="--- Cанкт-Петербург: Издательство <<Питер>>, Серия <<Бест-селлеры O`Relly>>",
	pages="208",
	language="russian",
	year=2021
}

@misc{api_kernel,
	title="Kernel API [Электронный ресурс].",
	howpublished="--- Режим доступа: \url{https://www.kernel.org/doc/html/latest/}",
	notes = "Дата обращения: 11.12.2022"
}

@misc{tracepoint_kernel_linux,
	title="Using the Linux Kernel Tracepoints [Электронный ресурс].",
	howpublished="--- Режим доступа: \url{https://www.kernel.org/doc/html/latest/trace/tracepoints.html}",
	notes = "Дата обращения: 11.12.2022"
}

@misc{declarative_tracepoint,
	title="Declarative Tracepoints: A Programmable and Application Independent Debugging System for Wireless Sensor Networks [Электронный ресурс].",
	howpublished="--- Режим доступа: \url{https://www.cs.virginia.edu/~stankovic/psfiles/tracepoints.pdf}",
	notes = "Дата обращения: 11.12.2022"
}

@misc{kernel_probes,
	title="Kernel Probes (Kprobes) [Электронный ресурс].",
	howpublished="--- Режим доступа: \url{https://www.kernel.org/doc/Documentation/kprobes.txt}",
	notes = "Дата обращения: 11.12.2022"
}

@misc{kernel_probes_ibm,
	title="Probing the Guts of Kprobes [Электронный ресурс].",
	howpublished="--- Режим доступа: \url{https://landley.net/kdocs/ols/2006/ols2006v2-pages-109-124.pdf}",
	notes = "Дата обращения: 11.12.2022"
}

@misc{monitoring_ip_packages,
	author="Крючков А. О., Крищенко В.А.",
	title="Мониторинг обработки IP-пакетов в ОС Linux [Электронный ресурс].",
	howpublished="--- Режим доступа: \url{https://cyberleninka.ru/article/n/monitoring-obrabotki-ip-paketov-v-os-linux/}",
	notes = "Дата обращения: 28.11.2022"
}

@misc{analys_kernel,
	title="Архитектурный анализ ядра Linux [Электронный ресурс].",
	howpublished="--- Режим доступа: \url{https://portal.linuxtesting.ru/LVCArch.html}",
	notes = "Дата обращения: 28.11.2022"
}

@misc{network_linux_guide,
	title="Linux Network Administrators Guide [Электронный ресурс].",
	howpublished="--- Режим доступа: \url{http://rus-linux.net/MyLDP/BOOKS/nag-20/tcpip.htm}",
	notes = "Дата обращения: 28.11.2022"
}

@misc{work_network_subsystem,
	author="Кулешов Cергей",
	title="Linux, принципы работы с сетевой подсистемой [Электронный ресурс].",
	howpublished="--- Режим доступа: \url{http://rus-linux.net/MyLDP/BOOKS/nag-20/tcpip.htm}",
	notes = "Дата обращения: 28.11.2022"
}

@misc{moduls_kernel_bugs,
	title="Количество багов ядра по модулям [Электронный ресурс].",
	howpublished="--- Режим доступа: \url{https://bugzilla.kernel.org/report.cgi?y_axis_field=component&cumulate=0&z_axis_field=&format=pie&x_axis_field=&no_redirect=1&query_format=report-graph&short_desc_type=allwordssubstr&short_desc=&bug_status=NEW&bug_status=ASSIGNED&bug_status=REOPENED&longdesc_type=allwordssubstr&longdesc=&bug_file_loc_type=allwordssubstr&bug_file_loc=&keywords_type=allwords&keywords=&cf_kernel_version_type=allwordssubstr&cf_kernel_version=&deadlinefrom=&deadlineto=&bug_id=&bug_id_type=anyexact&emailassigned_to1=1&emailtype1=substring&email1=&emailassigned_to2=1&emailreporter2=1&emailcc2=1&emailtype2=substring&email2=&emailtype3=substring&email3=&chfieldvalue=&chfieldfrom=&chfieldto=Now&j_top=AND&f1=noop&o1=noop&v1=&action=wrap}",
	notes = "Дата обращения: 28.11.2022"
}

@misc{version_kernel_bugs,
	title="Количество багов версий ядра [Электронный ресурс].",
	howpublished="--- Режим доступа: \url{https://bugzilla.kernel.org/report.cgi?bug_status=NEW&bug_status=ASSIGNED&bug_status=REOPENED&cumulate=0&y_axis_field=cf_kernel_version&width=1024&height=600&action=wrap&format=table}",
	notes = "Дата обращения: 28.11.2022"
}
